
@article{apkarian_advanced_1998,
	title = {Advanced gain-scheduling techniques for uncertain systems},
	volume = {6},
	doi = {10.1109/87.654874},
	number = {1},
	journal = {IEEE Transactions on Control Systems Technology},
	author = {Apkarian, Pierre and Adams, R.J.},
	year = {1998},
	pages = {21--32},
}

@article{wu_induced_1996,
	title = {Induced {L2}-norm control for {LPV} systems with bounded parameter variation rates},
	volume = {6},
	doi = {10.1002/(SICI)1099-1239(199611)6:9/10<983::AID-RNC263>3.0.CO;2-C},
	number = {9-10},
	journal = {International Journal of Robust and Nonlinear Control},
	author = {Wu, Fen and Yang, Xin Hua and Packard, Andrew and Becker, Gregory Scott},
	year = {1996},
	pages = {983--998},
}

@article{becker_robust_1994,
	title = {Robust performance of linear parametrically varying systems using parametrically-dependent linear feedback},
	volume = {23},
	doi = {10.1016/0167-6911(94)90006-X},
	number = {3},
	journal = {Systems \& Control Letters},
	author = {Becker, Gregory Scott and Packard, Andrew},
	year = {1994},
	pages = {205--215},
}

@article{apkarian_self-scheduled_1995,
	title = {Self-scheduled $H_\infty$ control of linear parameter-varying systems: a design example},
	volume = {31},
	doi = {10.1016/0005-1098(95)00038-X},
	number = {9},
	journal = {Automatica},
	author = {Apkarian, Pierre and Gahinet, Pascal and Becker, Gregory Scott},
	year = {1995},
	pages = {1251--1261},
}


@article{scherer_multiobjective_1997,
	title = {Multiobjective output-feedback control via {LMI} optimization},
	volume = {42},
	doi = {10.1109/9.599969},
	number = {7},
	journal = {IEEE Transactions on Automatic Control},
	author = {Scherer, Carsten W. and Gahinet, Pascal and Chilali, Mahmoud},
	year = {1997},
	pages = {896--911},
}


@article{chilali_h_infty_1996,
	title = {${H}_\infty$ design with pole placement constraints: an {LMI} approach},
	volume = {41},
	issn = {00189286},
	doi = {10.1109/9.486637},
	number = {3},
	journal = {IEEE Transactions on Automatic Control},
	author = {Chilali, Mahmoud and Gahinet, Pascal},
	year = {1996},
	pages = {358--367},
}


@article{gahinet_affine_1996,
	title = {Affine parameter-dependent {Lyapunov} functions and real parametric uncertainty},
	volume = {41},
	issn = {00189286},
	doi = {10.1109/9.486646},
	number = {3},
	journal = {IEEE Transactions on Automatic Control},
	author = {Gahinet, Pascal and Apkarian, Pierre and Chilali, Mahmoud},
	year = {1996},
	keywords = {Lyapunov functions, Robust control, Uncertain systems},
	pages = {436--442},
}
@article{lim_modeling_2003,
	title        = {Modeling and {$H_\infty$} control for switched linear parameter-varying missile autopilot},
	author       = {Lim, Sungyung and How, Jonathan P.},
	year         = 2003,
	month        = nov,
	journal      = {IEEE Transactions on Control Systems Technology},
	volume       = 11,
	number       = 6,
	pages        = {830--838},
	doi          = {10.1109/TCST.2003.815610},
}
@article{lim_analysis_2002,
	title        = {Analysis of linear parameter-varying systems using a non-smooth dissipative systems framework},
	author       = {Lim, Sungyung and How, Jonathan P.},
	year         = 2002,
	month        = oct,
	journal      = {International Journal of Robust and Nonlinear Control},
	volume       = 12,
	number       = 12,
	pages        = {1067--1092},
	doi          = {10.1002/rnc.675}
}
@article{Bianchi2022,
	title        = {A method for reducing implementation complexity in gain-scheduled {LPV} controllers},
	author       = {Bianchi, Fernando D. and S\'anchez-Pe\~na, Ricardo S.},
	year         = 2022,
	journal      = {Automatica},
	volume       = 146,
	pages        = 110588,
	doi          = {10.1016/j.automatica.2022.110588}
}
